@article{afshin_health_2019,
	title = {Health effects of dietary risks in 195 countries, 1990–2017: a systematic analysis for the {Global} {Burden} of {Disease} {Study} 2017},
	volume = {393},
	issn = {0140-6736, 1474-547X},
	shorttitle = {Health effects of dietary risks in 195 countries, 1990–2017},
	url = {https://www.thelancet.com/journals/lancet/article/PIIS0140-6736(19)30041-8/fulltext#articleInformation},
	doi = {10.1016/S0140-6736(19)30041-8},
	language = {English},
	number = {10184},
	urldate = {2022-12-14},
	journal = {The Lancet},
	author = {Afshin, Ashkan and Sur, Patrick John and Fay, Kairsten A. and Cornaby, Leslie and Ferrara, Giannina and Salama, Joseph S. and Mullany, Erin C. and Abate, Kalkidan Hassen and Abbafati, Cristiana and Abebe, Zegeye and Afarideh, Mohsen and Aggarwal, Anju and Agrawal, Sutapa and Akinyemiju, Tomi and Alahdab, Fares and Bacha, Umar and Bachman, Victoria F. and Badali, Hamid and Badawi, Alaa and Bensenor, Isabela M. and Bernabe, Eduardo and Biadgilign, Sibhatu Kassa K. and Biryukov, Stan H. and Cahill, Leah E. and Carrero, Juan J. and Cercy, Kelly M. and Dandona, Lalit and Dandona, Rakhi and Dang, Anh Kim and Degefa, Meaza Girma and Zaki, Maysaa El Sayed and Esteghamati, Alireza and Esteghamati, Sadaf and Fanzo, Jessica and Farinha, Carla Sofia e Sá and Farvid, Maryam S. and Farzadfar, Farshad and Feigin, Valery L. and Fernandes, Joao C. and Flor, Luisa Sorio and Foigt, Nataliya A. and Forouzanfar, Mohammad H. and Ganji, Morsaleh and Geleijnse, Johanna M. and Gillum, Richard F. and Goulart, Alessandra C. and Grosso, Giuseppe and Guessous, Idris and Hamidi, Samer and Hankey, Graeme J. and Harikrishnan, Sivadasanpillai and Hassen, Hamid Yimam and Hay, Simon I. and Hoang, Chi Linh and Horino, Masako and Ikeda, Nayu and Islami, Farhad and Jackson, Maria D. and James, Spencer L. and Johansson, Lars and Jonas, Jost B. and Kasaeian, Amir and Khader, Yousef Saleh and Khalil, Ibrahim A. and Khang, Young-Ho and Kimokoti, Ruth W. and Kokubo, Yoshihiro and Kumar, G. Anil and Lallukka, Tea and Lopez, Alan D. and Lorkowski, Stefan and Lotufo, Paulo A. and Lozano, Rafael and Malekzadeh, Reza and März, Winfried and Meier, Toni and Melaku, Yohannes A. and Mendoza, Walter and Mensink, Gert B. M. and Micha, Renata and Miller, Ted R. and Mirarefin, Mojde and Mohan, Viswanathan and Mokdad, Ali H. and Mozaffarian, Dariush and Nagel, Gabriele and Naghavi, Mohsen and Nguyen, Cuong Tat and Nixon, Molly R. and Ong, Kanyin L. and Pereira, David M. and Poustchi, Hossein and Qorbani, Mostafa and Rai, Rajesh Kumar and Razo-García, Christian and Rehm, Colin D. and Rivera, Juan A. and Rodríguez-Ramírez, Sonia and Roshandel, Gholamreza and Roth, Gregory A. and Sanabria, Juan and Sánchez-Pimienta, Tania G. and Sartorius, Benn and Schmidhuber, Josef and Schutte, Aletta Elisabeth and Sepanlou, Sadaf G. and Shin, Min-Jeong and Sorensen, Reed J. D. and Springmann, Marco and Szponar, Lucjan and Thorne-Lyman, Andrew L. and Thrift, Amanda G. and Touvier, Mathilde and Tran, Bach Xuan and Tyrovolas, Stefanos and Ukwaja, Kingsley Nnanna and Ullah, Irfan and Uthman, Olalekan A. and Vaezghasemi, Masoud and Vasankari, Tommi Juhani and Vollset, Stein Emil and Vos, Theo and Vu, Giang Thu and Vu, Linh Gia and Weiderpass, Elisabete and Werdecker, Andrea and Wijeratne, Tissa and Willett, Walter C. and Wu, Jason H. and Xu, Gelin and Yonemoto, Naohiro and Yu, Chuanhua and Murray, Christopher J. L.},
	month = may,
	year = {2019},
	pmid = {30954305},
	pages = {1958--1972},
}

@article{aubrey_bad_2019,
	chapter = {The Salt},
	title = {Bad diets are responsible for more deaths than smoking, global study finds},
	url = {https://www.npr.org/sections/thesalt/2019/04/03/709507504/bad-diets-are-responsible-for-more-deaths-than-smoking-global-study-finds},
	abstract = {Some 11 million deaths annually are linked to diet-related diseases like diabetes and heart disease, a study finds. Researchers say that makes diet the leading risk factor for deaths around the world.},
	language = {en},
	urldate = {2022-12-14},
	journal = {NPR},
	author = {Aubrey, Allison},
	month = apr,
	year = {2019},
}

@misc{Monitor_where_2021,
	title = {Where are {Makerere}’s private students having their meals?},
	url = {https://www.monitor.co.ug/uganda/lifestyle/reviews-profiles/where-are-makerere-s-private-students-having-their-meals--1556466},
	abstract = {In the past, it was suggested that Uganda’s oldest public university outsources meals for all its students, but to date, this has not happened. Instead, students especially privately sponsored...},
	language = {en},
	urldate = {2022-12-14},
	aurthor= Monitor,
	journal = {Monitor},
	month = jan,
	year = {2021},
}

@misc{GlobalNutritionReport_country_nodate,
	title = {Country nutrition profiles},
	url = {https://globalnutritionreport.org/resources/nutrition-profiles/africa/eastern-africa/uganda/},
	abstract = {The Global Nutrition Report’s interactive charts show the latest data on progress towards tackling malnutrition at global, regional and country level.},
	aurthor = Global Nutrition Report
	language = {en-GB},
	urldate = {2022-12-14},
}

@misc{Tumwine_only_2022,
	title = {Only 10\% of {Ugandan} children eat a healthy meal, experts reveal},
	url = {https://www.newvision.co.ug/articledetails/142394},
	abstract = {{\textless}p{\textgreater}{\textless}span data-ogsc="black"{\textgreater}According to nutrition national statistics, a third of the children in Uganda are stunted, 10\% of the children are underweight and almost half of the children in Uganda have anaemia{\textless}/span{\textgreater}{\textless}/p{\textgreater}},
	language = {en},
	author = Simon Peter Tumwine,
	urldate = {2022-12-14},
	journal = {New Vision},
}

@misc{IHME_new_2019,
	title = {New study finds poor diet kills more people globally than tobacco and high blood pressure},
	url = {https://www.healthdata.org/news-release/new-study-finds-poor-diet-kills-more-people-globally-tobacco-and-high-blood-pressure},
	abstract = {Poor diet is responsible for more deaths globally than tobacco, high blood pressure, or any other health risk, according to a new scientific study. Consuming low amounts of healthy foods, such as whole grains, and too much unhealthy foods, including sweetened beverages, account for one in every five deaths globally.},
	language = {en},
	urldate = {2022-12-14},
	aurthor = IHME
	journal = {Institute for Health Metrics and Evaluation},
	month = mar,
	year = {2019},
}